% This file was created with JabRef 2.7b.
% Encoding: UTF-8

@BOOK{ROSBYEX,
  title = {ROS by example},
  year = {2013},
  author = {R. Patrick Goebel},
  volume = {1 (Electric)},
  owner = {youbot},
  timestamp = {2013.08.30}
}

@ARTICLE{YBUSER,
  author = {Locomotec},
  title = {KUKA youBot User Manual},
  year = {2013},
  volume = {1.02},
  month = {February}
}

@BOOKLET{MULTIROS,
  title = {Running ROS across multiple machines},
  lastchecked = {02.09.2013},
  url = {http://wiki.ros.org/ROS/Tutorials/MultipleMachines}
}

@BOOKLET{OPENNI,
  title = {openNI kinect},
  lastchecked = {30.08.2013},
  url = {http://wiki.ros.osuosl.org/openni_kinect?distro=fuerte}
}

@BOOKLET{ROSTUT,
  title = {ROS Tutorials},
  lastchecked = {29.08.2013},
  year = {Fuerte},
  url = {http://www.ros.org/wiki/ROS/Tutorials}
}

